
@online{oliver_roeder_worst_2017,
	title = {The Worst Tweeter In Politics Isn’t Trump},
	url = {https://fivethirtyeight.com/features/the-worst-tweeter-in-politics-isnt-trump/},
	titleaddon = {{FiveThirtyEight}},
	author = {Oliver Roeder and , Dhrumil Mehta and Gus Wezerek},
	urldate = {2020-03-20},
	date = {2017-10-24},
	file = {The Worst Tweeter In Politics Isn’t Trump | FiveThirtyEight:C\:\\Users\\Menta\\Zotero\\storage\\TBWWRN6V\\the-worst-tweeter-in-politics-isnt-trump.html:text/html}
}

@online{pilorget_grieta_2018,
	title = {La grieta graficada {\textbar} Perfil},
	url = {https://www.perfil.com/noticias/politica/la-grieta-graficada.phtml},
	titleaddon = {Perfil},
	author = {Pilorget, Juan Pablo and Galup, Luciano},
	urldate = {2020-03-20},
	date = {2018-10-16},
	file = {La grieta graficada | Perfil:C\:\\Users\\Menta\\Zotero\\storage\\NWNHMFSG\\la-grieta-graficada.html:text/html}
}

@online{calvo_cafecito_2014,
	title = {Un cafecito para Scioli},
	url = {https://www.elestadista.com.ar/?p=4112},
	titleaddon = {El Estadista},
	author = {Calvo, Ernesto and Malamud, Andrés},
	urldate = {2020-03-20},
	date = {2014-03-06},
	langid = {spanish},
	file = {Snapshot:C\:\\Users\\Menta\\Zotero\\storage\\L8C7SW65\\www.elestadista.com.ar.html:text/html}
}